@article{HHL,
   title={Quantum Algorithm for Linear Systems of Equations},
   volume={},
   ISSN={},
   url={},
   DOI={},
   number={},
   journal={Physical Review Letters},
   publisher={American Physical Society (APS)},
   author={Harrow, Aram W. and Hassidim, Avinatan and Lloyd, Seth},
   year={2009}
   }
   
@misc{Sevag,
    title = {Introduction to Quantum Computation},
    author = {Sevag Gharibian},
    isbn = {},
    series = {},
    year = {2021},
    publisher = {University of Paderborn},
    keywords = {}
    }
    
@misc{Wolf,
    title = {Quantum Computing: Lecture Notes},
    author = {Ronald De Wolf},
    isbn = {},
    series = {},
    year = {2022},
    publisher = {University of Amsterdam},
    keywords = {}
    }

@misc{gita,
    title = {Quantum Computation and Quantum Information},
    author = {Michael Nielsen and Isaac Chuang},
    isbn = {},
    series = {},
    year = {2000},
    publisher = {Cambridge University Press},
    keywords = {}
    }    

@article{QML,
   title={Quantum Machine Learning Algorithms: Read the Fine Print},
   volume={},
   ISSN={},
   url={},
   DOI={},
   number={},
   journal={},
   publisher={},
   author={Scott Aaronson},
   year={2015}
   }
 